@article{astropy:2013,
Adsnote = {Provided by the SAO/NASA Astrophysics Data System},
Adsurl = {http://adsabs.harvard.edu/abs/2013A%26A...558A..33A},
Archiveprefix = {arXiv},
Author = {{Astropy Collaboration} and {Robitaille}, T.~P. and {Tollerud}, E.~J. and {Greenfield}, P. and {Droettboom}, M. and {Bray}, E. and {Aldcroft}, T. and {Davis}, M. and {Ginsburg}, A. and {Price-Whelan}, A.~M. and {Kerzendorf}, W.~E. and {Conley}, A. and {Crighton}, N. and {Barbary}, K. and {Muna}, D. and {Ferguson}, H. and {Grollier}, F. and {Parikh}, M.~M. and {Nair}, P.~H. and {Unther}, H.~M. and {Deil}, C. and {Woillez}, J. and {Conseil}, S. and {Kramer}, R. and {Turner}, J.~E.~H. and {Singer}, L. and {Fox}, R. and {Weaver}, B.~A. and {Zabalza}, V. and {Edwards}, Z.~I. and {Azalee Bostroem}, K. and {Burke}, D.~J. and {Casey}, A.~R. and {Crawford}, S.~M. and {Dencheva}, N. and {Ely}, J. and {Jenness}, T. and {Labrie}, K. and {Lim}, P.~L. and {Pierfederici}, F. and {Pontzen}, A. and {Ptak}, A. and {Refsdal}, B. and {Servillat}, M. and {Streicher}, O.},
Doi = {10.1051/0004-6361/201322068},
Eid = {A33},
Eprint = {1307.6212},
Journal = {\aap},
Keywords = {methods: data analysis, methods: miscellaneous, virtual observatory tools},
Month = oct,
Pages = {A33},
Primaryclass = {astro-ph.IM},
Title = {{Astropy: A community Python package for astronomy}},
Volume = 558,
Year = 2013,
Bdsk-Url-1 = {https://dx.doi.org/10.1051/0004-6361/201322068}}

@ARTICLE{astropy:2018,
       author = {{Astropy Collaboration} and {Price-Whelan}, A.~M. and
         {Sip{\H{o}}cz}, B.~M. and {G{\"u}nther}, H.~M. and {Lim}, P.~L. and
         {Crawford}, S.~M. and {Conseil}, S. and {Shupe}, D.~L. and
         {Craig}, M.~W. and {Dencheva}, N. and {Ginsburg}, A. and {Vand
        erPlas}, J.~T. and {Bradley}, L.~D. and {P{\'e}rez-Su{\'a}rez}, D. and
         {de Val-Borro}, M. and {Aldcroft}, T.~L. and {Cruz}, K.~L. and
         {Robitaille}, T.~P. and {Tollerud}, E.~J. and {Ardelean}, C. and
         {Babej}, T. and {Bach}, Y.~P. and {Bachetti}, M. and {Bakanov}, A.~V. and
         {Bamford}, S.~P. and {Barentsen}, G. and {Barmby}, P. and
         {Baumbach}, A. and {Berry}, K.~L. and {Biscani}, F. and {Boquien}, M. and
         {Bostroem}, K.~A. and {Bouma}, L.~G. and {Brammer}, G.~B. and
         {Bray}, E.~M. and {Breytenbach}, H. and {Buddelmeijer}, H. and
         {Burke}, D.~J. and {Calderone}, G. and {Cano Rodr{\'\i}guez}, J.~L. and
         {Cara}, M. and {Cardoso}, J.~V.~M. and {Cheedella}, S. and {Copin}, Y. and
         {Corrales}, L. and {Crichton}, D. and {D'Avella}, D. and {Deil}, C. and
         {Depagne}, {\'E}. and {Dietrich}, J.~P. and {Donath}, A. and
         {Droettboom}, M. and {Earl}, N. and {Erben}, T. and {Fabbro}, S. and
         {Ferreira}, L.~A. and {Finethy}, T. and {Fox}, R.~T. and
         {Garrison}, L.~H. and {Gibbons}, S.~L.~J. and {Goldstein}, D.~A. and
         {Gommers}, R. and {Greco}, J.~P. and {Greenfield}, P. and
         {Groener}, A.~M. and {Grollier}, F. and {Hagen}, A. and {Hirst}, P. and
         {Homeier}, D. and {Horton}, A.~J. and {Hosseinzadeh}, G. and {Hu}, L. and
         {Hunkeler}, J.~S. and {Ivezi{\'c}}, {\v{Z}}. and {Jain}, A. and
         {Jenness}, T. and {Kanarek}, G. and {Kendrew}, S. and {Kern}, N.~S. and
         {Kerzendorf}, W.~E. and {Khvalko}, A. and {King}, J. and {Kirkby}, D. and
         {Kulkarni}, A.~M. and {Kumar}, A. and {Lee}, A. and {Lenz}, D. and
         {Littlefair}, S.~P. and {Ma}, Z. and {Macleod}, D.~M. and
         {Mastropietro}, M. and {McCully}, C. and {Montagnac}, S. and
         {Morris}, B.~M. and {Mueller}, M. and {Mumford}, S.~J. and {Muna}, D. and
         {Murphy}, N.~A. and {Nelson}, S. and {Nguyen}, G.~H. and
         {Ninan}, J.~P. and {N{\"o}the}, M. and {Ogaz}, S. and {Oh}, S. and
         {Parejko}, J.~K. and {Parley}, N. and {Pascual}, S. and {Patil}, R. and
         {Patil}, A.~A. and {Plunkett}, A.~L. and {Prochaska}, J.~X. and
         {Rastogi}, T. and {Reddy Janga}, V. and {Sabater}, J. and
         {Sakurikar}, P. and {Seifert}, M. and {Sherbert}, L.~E. and
         {Sherwood-Taylor}, H. and {Shih}, A.~Y. and {Sick}, J. and
         {Silbiger}, M.~T. and {Singanamalla}, S. and {Singer}, L.~P. and
         {Sladen}, P.~H. and {Sooley}, K.~A. and {Sornarajah}, S. and
         {Streicher}, O. and {Teuben}, P. and {Thomas}, S.~W. and
         {Tremblay}, G.~R. and {Turner}, J.~E.~H. and {Terr{\'o}n}, V. and
         {van Kerkwijk}, M.~H. and {de la Vega}, A. and {Watkins}, L.~L. and
         {Weaver}, B.~A. and {Whitmore}, J.~B. and {Woillez}, J. and
         {Zabalza}, V. and {Astropy Contributors}},
        title = "{The Astropy Project: Building an Open-science Project and Status of the v2.0 Core Package}",
      journal = {\aj},
     keywords = {methods: data analysis, methods: miscellaneous, methods: statistical, reference systems, Astrophysics - Instrumentation and Methods for Astrophysics},
         year = 2018,
        month = sep,
       volume = {156},
       number = {3},
          eid = {123},
        pages = {123},
          doi = {10.3847/1538-3881/aabc4f},
archivePrefix = {arXiv},
       eprint = {1801.02634},
 primaryClass = {astro-ph.IM},
       adsurl = {https://ui.adsabs.harvard.edu/abs/2018AJ....156..123A},
      adsnote = {Provided by the SAO/NASA Astrophysics Data System}
}

@ARTICLE{astropy:2022,
       author = {{Astropy Collaboration} and {Price-Whelan}, Adrian M. and {Lim}, Pey Lian and {Earl}, Nicholas and {Starkman}, Nathaniel and {Bradley}, Larry and {Shupe}, David L. and {Patil}, Aarya A. and {Corrales}, Lia and {Brasseur}, C.~E. and {N{"o}the}, Maximilian and {Donath}, Axel and {Tollerud}, Erik and {Morris}, Brett M. and {Ginsburg}, Adam and {Vaher}, Eero and {Weaver}, Benjamin A. and {Tocknell}, James and {Jamieson}, William and {van Kerkwijk}, Marten H. and {Robitaille}, Thomas P. and {Merry}, Bruce and {Bachetti}, Matteo and {G{"u}nther}, H. Moritz and {Aldcroft}, Thomas L. and {Alvarado-Montes}, Jaime A. and {Archibald}, Anne M. and {B{'o}di}, Attila and {Bapat}, Shreyas and {Barentsen}, Geert and {Baz{'a}n}, Juanjo and {Biswas}, Manish and {Boquien}, M{'e}d{'e}ric and {Burke}, D.~J. and {Cara}, Daria and {Cara}, Mihai and {Conroy}, Kyle E. and {Conseil}, Simon and {Craig}, Matthew W. and {Cross}, Robert M. and {Cruz}, Kelle L. and {D'Eugenio}, Francesco and {Dencheva}, Nadia and {Devillepoix}, Hadrien A.~R. and {Dietrich}, J{"o}rg P. and {Eigenbrot}, Arthur Davis and {Erben}, Thomas and {Ferreira}, Leonardo and {Foreman-Mackey}, Daniel and {Fox}, Ryan and {Freij}, Nabil and {Garg}, Suyog and {Geda}, Robel and {Glattly}, Lauren and {Gondhalekar}, Yash and {Gordon}, Karl D. and {Grant}, David and {Greenfield}, Perry and {Groener}, Austen M. and {Guest}, Steve and {Gurovich}, Sebastian and {Handberg}, Rasmus and {Hart}, Akeem and {Hatfield-Dodds}, Zac and {Homeier}, Derek and {Hosseinzadeh}, Griffin and {Jenness}, Tim and {Jones}, Craig K. and {Joseph}, Prajwel and {Kalmbach}, J. Bryce and {Karamehmetoglu}, Emir and {Ka{l}uszy{'n}ski}, Miko{l}aj and {Kelley}, Michael S.~P. and {Kern}, Nicholas and {Kerzendorf}, Wolfgang E. and {Koch}, Eric W. and {Kulumani}, Shankar and {Lee}, Antony and {Ly}, Chun and {Ma}, Zhiyuan and {MacBride}, Conor and {Maljaars}, Jakob M. and {Muna}, Demitri and {Murphy}, N.~A. and {Norman}, Henrik and {O'Steen}, Richard and {Oman}, Kyle A. and {Pacifici}, Camilla and {Pascual}, Sergio and {Pascual-Granado}, J. and {Patil}, Rohit R. and {Perren}, Gabriel I. and {Pickering}, Timothy E. and {Rastogi}, Tanuj and {Roulston}, Benjamin R. and {Ryan}, Daniel F. and {Rykoff}, Eli S. and {Sabater}, Jose and {Sakurikar}, Parikshit and {Salgado}, Jes{'u}s and {Sanghi}, Aniket and {Saunders}, Nicholas and {Savchenko}, Volodymyr and {Schwardt}, Ludwig and {Seifert-Eckert}, Michael and {Shih}, Albert Y. and {Jain}, Anany Shrey and {Shukla}, Gyanendra and {Sick}, Jonathan and {Simpson}, Chris and {Singanamalla}, Sudheesh and {Singer}, Leo P. and {Singhal}, Jaladh and {Sinha}, Manodeep and {Sip{H{o}}cz}, Brigitta M. and {Spitler}, Lee R. and {Stansby}, David and {Streicher}, Ole and {{{S}}umak}, Jani and {Swinbank}, John D. and {Taranu}, Dan S. and {Tewary}, Nikita and {Tremblay}, Grant R. and {Val-Borro}, Miguel de and {Van Kooten}, Samuel J. and {Vasovi{'c}}, Zlatan and {Verma}, Shresth and {de Miranda Cardoso}, Jos{'e} Vin{'i}cius and {Williams}, Peter K.~G. and {Wilson}, Tom J. and {Winkel}, Benjamin and {Wood-Vasey}, W.~M. and {Xue}, Rui and {Yoachim}, Peter and {Zhang}, Chen and {Zonca}, Andrea and {Astropy Project Contributors}},
        title = "{The Astropy Project: Sustaining and Growing a Community-oriented Open-source Project and the Latest Major Release (v5.0) of the Core Package}",
      journal = {apj},
     keywords = {Astronomy software, Open source software, Astronomy data analysis, 1855, 1866, 1858, Astrophysics - Instrumentation and Methods for Astrophysics},
         year = 2022,
        month = aug,
       volume = {935},
       number = {2},
          eid = {167},
        pages = {167},
          doi = {10.3847/1538-4357/ac7c74},
archivePrefix = {arXiv},
       eprint = {2206.14220},
 primaryClass = {astro-ph.IM},
       adsurl = {https://ui.adsabs.harvard.edu/abs/2022ApJ...935..167A},
      adsnote = {Provided by the SAO/NASA Astrophysics Data System}
}


@ARTICLE{beddingfield22,
       author = {{Beddingfield}, Chloe B. and {Cartwright}, Richard J.},
        title = "{Miranda's Thick Regolith Indicates a Major Mantling Event from an Unknown Source}",
      journal = {\psj},
     keywords = {Uranian satellites, Planetary science, Regolith, Craters, Tectonics, 1750, 1255, 2294, 2282, 2175},
         year = 2022,
        month = nov,
       volume = {3},
       number = {11},
          eid = {253},
        pages = {253},
          doi = {10.3847/PSJ/ac9a4e},
       adsurl = {https://ui.adsabs.harvard.edu/abs/2022PSJ.....3..253B},
      adsnote = {Provided by the SAO/NASA Astrophysics Data System}
}

@ARTICLE{cartwright18,
       author = {{Cartwright}, Richard J. and {Emery}, Joshua P. and {Pinilla-Alonso}, Noemi and {Lucas}, Michael P. and {Rivkin}, Andy S. and {Trilling}, David E.},
        title = "{Red material on the large moons of Uranus: Dust from the irregular satellites?}",
      journal = {\icarus},
     keywords = {Astrophysics - Earth and Planetary Astrophysics},
         year = 2018,
        month = nov,
       volume = {314},
        pages = {210-231},
          doi = {10.1016/j.icarus.2018.06.004},
archivePrefix = {arXiv},
       eprint = {1806.01809},
 primaryClass = {astro-ph.EP},
       adsurl = {https://ui.adsabs.harvard.edu/abs/2018Icar..314..210C},
      adsnote = {Provided by the SAO/NASA Astrophysics Data System}
}

@ARTICLE{cartwright21,
       author = {{Cartwright}, Richard J. and {Beddingfield}, Chloe B. and {Nordheim}, Tom A. and {Elder}, Catherine M. and {Castillo-Rogez}, Julie C. and {Neveu}, Marc and {Bramson}, Ali M. and {Sori}, Michael M. and {Buratti}, Bonnie J. and {Pappalardo}, Robert T. and {Roser}, Joseph E. and {Cohen}, Ian J. and {Leonard}, Erin J. and {Ermakov}, Anton I. and {Showalter}, Mark R. and {Grundy}, William M. and {Turtle}, Elizabeth P. and {Hofstadter}, Mark D.},
        title = "{The Science Case for Spacecraft Exploration of the Uranian Satellites: Candidate Ocean Worlds in an Ice Giant System}",
      journal = {\psj},
     keywords = {Uranian satellites, Planetary surfaces, Planetary structure, Surface composition, 1750, 2113, 1256, 2115, Astrophysics - Earth and Planetary Astrophysics, Astrophysics - Instrumentation and Methods for Astrophysics},
         year = 2021,
        month = jun,
       volume = {2},
       number = {3},
          eid = {120},
        pages = {120},
          doi = {10.3847/PSJ/abfe12},
archivePrefix = {arXiv},
       eprint = {2105.01164},
 primaryClass = {astro-ph.EP},
       adsurl = {https://ui.adsabs.harvard.edu/abs/2021PSJ.....2..120C},
      adsnote = {Provided by the SAO/NASA Astrophysics Data System}
}

@ARTICLE{cook18,
       author = {{Cook}, Jason C. and {Ore}, Cristina M. Dalle and {Protopapa}, Silvia and {Binzel}, Richard P. and {Cartwright}, Richard and {Cruikshank}, Dale P. and {Earle}, Alissa and {Grundy}, William M. and {Ennico}, Kimberly and {Howett}, Carly and {Jennings}, Donald E. and {Lunsford}, Allen W. and {Olkin}, Catherine B. and {Parker}, Alex H. and {Philippe}, Sylvain and {Reuter}, Dennis and {Schmitt}, Bernard and {Stansberry}, John A. and {Alan Stern}, S. and {Verbiscer}, Anne and {Weaver}, Harold A. and {Young}, Leslie A.},
        title = "{Composition of Pluto's small satellites: Analysis of New Horizons spectral images}",
      journal = {\icarus},
     keywords = {Pluto, Satellites, Spectroscopy, Infrared observations, Surfaces, Composition},
         year = 2018,
        month = nov,
       volume = {315},
        pages = {30-45},
          doi = {10.1016/j.icarus.2018.05.024},
       adsurl = {https://ui.adsabs.harvard.edu/abs/2018Icar..315...30C},
      adsnote = {Provided by the SAO/NASA Astrophysics Data System}
}



@ARTICLE{depater04,
       author = {{de Pater}, Imke and {Martin}, Shuleen Chau and {Showalter}, Mark R.},
        title = "{Keck near-infrared observations of Saturn's E and G rings during Earth's ring plane crossing in August 1995}",
      journal = {\icarus},
         year = 2004,
        month = dec,
       volume = {172},
       number = {2},
        pages = {446-454},
          doi = {10.1016/j.icarus.2004.07.012},
       adsurl = {https://ui.adsabs.harvard.edu/abs/2004Icar..172..446D},
      adsnote = {Provided by the SAO/NASA Astrophysics Data System}
}

@ARTICLE{depater06,
       author = {{de Pater}, Imke and {Hammel}, Heidi B. and {Gibbard}, Seran G. and {Showalter}, Mark R.},
        title = "{New Dust Belts of Uranus: One Ring, Two Ring, Red Ring, Blue Ring}",
      journal = {Science},
     keywords = {PLANET SCI},
         year = 2006,
        month = apr,
       volume = {312},
       number = {5770},
        pages = {92-94},
          doi = {10.1126/science.1125110},
       adsurl = {https://ui.adsabs.harvard.edu/abs/2006Sci...312...92D},
      adsnote = {Provided by the SAO/NASA Astrophysics Data System}
}

@ARTICLE{depater14,
       author = {{de Pater}, Imke and {Fletcher}, Leigh N. and {Luszcz-Cook}, Statia and {DeBoer}, David and {Butler}, Bryan and {Hammel}, Heidi B. and {Sitko}, Michael L. and {Orton}, Glenn and {Marcus}, Philip S.},
        title = "{Neptune{\textquoteright}s global circulation deduced from multi-wavelength observations}",
      journal = {\icarus},
         year = 2014,
        month = jul,
       volume = {237},
        pages = {211-238},
          doi = {10.1016/j.icarus.2014.02.030},
       adsurl = {https://ui.adsabs.harvard.edu/abs/2014Icar..237..211D},
      adsnote = {Provided by the SAO/NASA Astrophysics Data System}
}

@ARTICLE{depater14b,
       author = {{de Pater}, Imke and {Davies}, Ashley Gerard and {McGregor}, Alistair and {Trujillo}, Chad and {{\'A}d{\'a}mkovics}, M{\'a}t{\'e} and {Veeder}, Glenn J. and {Matson}, Dennis L. and {Leone}, Giovanni},
        title = "{Global near-IR maps from Gemini-N and Keck in 2010, with a special focus on Janus Patera and Kanehekili Fluctus}",
      journal = {\icarus},
     keywords = {Io, volcanism, Infrared observations},
         year = 2014,
        month = nov,
       volume = {242},
        pages = {379-395},
          doi = {10.1016/j.icarus.2014.06.019},
       adsurl = {https://ui.adsabs.harvard.edu/abs/2014Icar..242..379D},
      adsnote = {Provided by the SAO/NASA Astrophysics Data System}
}



@ARTICLE{duncan97,
       author = {{Duncan}, Martin J. and {Lissauer}, Jack J.},
        title = "{Orbital Stability of the Uranian Satellite System}",
      journal = {\icarus},
         year = 1997,
        month = jan,
       volume = {125},
       number = {1},
        pages = {1-12},
          doi = {10.1006/icar.1996.5568},
       adsurl = {https://ui.adsabs.harvard.edu/abs/1997Icar..125....1D},
      adsnote = {Provided by the SAO/NASA Astrophysics Data System}
}

@ARTICLE{french12,
       author = {{French}, Robert S. and {Showalter}, Mark R.},
        title = "{Cupid is doomed: An analysis of the stability of the inner uranian satellites}",
      journal = {\icarus},
     keywords = {Astrophysics - Earth and Planetary Astrophysics},
         year = 2012,
        month = aug,
       volume = {220},
       number = {2},
        pages = {911-921},
          doi = {10.1016/j.icarus.2012.06.031},
archivePrefix = {arXiv},
       eprint = {1408.2543},
 primaryClass = {astro-ph.EP},
       adsurl = {https://ui.adsabs.harvard.edu/abs/2012Icar..220..911F},
      adsnote = {Provided by the SAO/NASA Astrophysics Data System}
}

@INPROCEEDINGS{french17,
       author = {{French}, Robert S. and {Showalter}, Mark R. and {de Pater}, Imke and {Lissauer}, Jack J.},
        title = "{Orbital and Photometric Analysis of the Inner Uranian Satellites from Hubble Images}",
    booktitle = {AAS/Division for Planetary Sciences Meeting Abstracts \#49},
         year = 2017,
       series = {AAS/Division for Planetary Sciences Meeting Abstracts},
       volume = {49},
        month = oct,
          eid = {214.19},
        pages = {214.19},
       adsurl = {https://ui.adsabs.harvard.edu/abs/2017DPS....4921419F},
      adsnote = {Provided by the SAO/NASA Astrophysics Data System}
}

@ARTICLE{gibbard05,
       author = {{Gibbard}, S.~G. and {de Pater}, I. and {Hammel}, H.~B.},
        title = "{Near-infrared adaptive optics imaging of the satellites and individual rings of Uranus}",
      journal = {\icarus},
         year = 2005,
        month = mar,
       volume = {174},
       number = {1},
        pages = {253-262},
          doi = {10.1016/j.icarus.2004.09.008},
       adsurl = {https://ui.adsabs.harvard.edu/abs/2005Icar..174..253G},
      adsnote = {Provided by the SAO/NASA Astrophysics Data System}
}

@ARTICLE{ginsburg19,
       author = {{Ginsburg}, Adam and {Sip{\H{o}}cz}, Brigitta M. and {Brasseur}, C.~E. and {Cowperthwaite}, Philip S. and {Craig}, Matthew W. and {Deil}, Christoph and {Guillochon}, James and {Guzman}, Giannina and {Liedtke}, Simon and {Lian Lim}, Pey and {Lockhart}, Kelly E. and {Mommert}, Michael and {Morris}, Brett M. and {Norman}, Henrik and {Parikh}, Madhura and {Persson}, Magnus V. and {Robitaille}, Thomas P. and {Segovia}, Juan-Carlos and {Singer}, Leo P. and {Tollerud}, Erik J. and {de Val-Borro}, Miguel and {Valtchanov}, Ivan and {Woillez}, Julien and {Astroquery Collaboration} and {a subset of astropy Collaboration}},
        title = "{astroquery: An Astronomical Web-querying Package in Python}",
      journal = {\aj},
     keywords = {astronomical databases: miscellaneous, virtual observatory tools, Astrophysics - Instrumentation and Methods for Astrophysics},
         year = 2019,
        month = mar,
       volume = {157},
       number = {3},
          eid = {98},
        pages = {98},
          doi = {10.3847/1538-3881/aafc33},
archivePrefix = {arXiv},
       eprint = {1901.04520},
 primaryClass = {astro-ph.IM},
       adsurl = {https://ui.adsabs.harvard.edu/abs/2019AJ....157...98G},
      adsnote = {Provided by the SAO/NASA Astrophysics Data System}
}

@ARTICLE{gourgeot16,
       author = {{Gourgeot}, F. and {Carry}, B. and {Dumas}, C. and {Vachier}, F. and {Merlin}, F. and {Lacerda}, P. and {Barucci}, M.~A. and {Berthier}, J.},
        title = "{Near-infrared spatially resolved spectroscopy of (136108) Haumea's multiple system}",
      journal = {\aap},
     keywords = {Kuiper belt objects: individual: (136108) Haumea, planets and satellites: surfaces, techniques: imaging spectroscopy, techniques: high angular resolution, Astrophysics - Earth and Planetary Astrophysics},
         year = 2016,
        month = aug,
       volume = {593},
          eid = {A19},
        pages = {A19},
          doi = {10.1051/0004-6361/201526423},
archivePrefix = {arXiv},
       eprint = {1605.04145},
 primaryClass = {astro-ph.EP},
       adsurl = {https://ui.adsabs.harvard.edu/abs/2016A&A...593A..19G},
      adsnote = {Provided by the SAO/NASA Astrophysics Data System}
}

@article{graham06,
  title={Can the theory of “whitening” explain the center-surround properties of retinal ganglion cell receptive fields?},
  author={Graham, Daniel J and Chandler, Damon M and Field, David J},
  journal={Vision research},
  volume={46},
  number={18},
  pages={2901--2913},
  year={2006},
  publisher={Elsevier}
}

@article{guizarsicairos08,
author = {Manuel Guizar-Sicairos and Samuel T. Thurman and James R. Fienup},
journal = {Opt. Lett.},
keywords = {Digital image processing; Image reconstruction-restoration; Pattern recognition; Phase retrieval; Discrete Fourier transforms; Fourier transforms; Image processing; Image quality; Image registration; Phase retrieval},
number = {2},
pages = {156--158},
publisher = {Optica Publishing Group},
title = {Efficient subpixel image registration algorithms},
volume = {33},
month = {Jan},
year = {2008},
url = {https://opg.optica.org/ol/abstract.cfm?URI=ol-33-2-156},
doi = {10.1364/OL.33.000156},
abstract = {Three new algorithms for 2D translation image registration to within a small fraction of a pixel that use nonlinear optimization and matrix-multiply discrete Fourier transforms are compared. These algorithms can achieve registration with an accuracy equivalent to that of the conventional fast Fourier transform upsampling approach in a small fraction of the computation time and with greatly reduced memory requirements. Their accuracy and computation time are compared for the purpose of evaluating a translation-invariant error metric.},
}

@ARTICLE{hamilton94,
       author = {{Hamilton}, Douglas P. and {Burns}, Joseph A.},
        title = "{Origin of Saturn's E Ring: Self-Sustained, Naturally}",
      journal = {Science},
         year = 1994,
        month = apr,
       volume = {264},
       number = {5158},
        pages = {550-553},
          doi = {10.1126/science.264.5158.550},
       adsurl = {https://ui.adsabs.harvard.edu/abs/1994Sci...264..550H},
      adsnote = {Provided by the SAO/NASA Astrophysics Data System}
}



@ARTICLE{hammel89,
       author = {{Hammel}, H.~B. and {Baines}, K.~H. and {Bergstralh}, J.~T.},
        title = "{Vertical aerosol structure of Neptune: Constraints from center-to-limb profiles}",
      journal = {\icarus},
     keywords = {Aerosols, Atmospheric Models, Cloud Cover, Haze, Neptune Atmosphere, Albedo, Astronomical Photometry, Atmospheric Pressure, Optical Thickness, Vertical Distribution, NEPTUNE, AEROSOLS, STRUCTURE, EQUATORIAL REGION, CLOUDS, LAYERS, HAZE, STRATOSPHERE, SCATTERING, OPTICAL PROPERTIES, DEPTH, BRIGHTNESS, ALBEDO, EARTH-BASED OBSERVATIONS, CCD METHODS, IMAGERY, PHOTOMETRY, REFLECTIVITY, PRESSURE, TEMPERATURE, COMPOSITION, MODELS, WAVELENGTHS, DIAGRAMS, ATMOSPHERE, Lunar and Planetary Exploration; Neptune},
         year = 1989,
        month = aug,
       volume = {80},
       number = {2},
        pages = {416-438},
          doi = {10.1016/0019-1035(89)90149-8},
       adsurl = {https://ui.adsabs.harvard.edu/abs/1989Icar...80..416H},
      adsnote = {Provided by the SAO/NASA Astrophysics Data System}
}

@ARTICLE{hawarden01,
       author = {{Hawarden}, Timothy G. and {Leggett}, S.~K. and {Letawsky}, Michael B. and {Ballantyne}, David R. and {Casali}, Mark M.},
        title = "{JHK standard stars for large telescopes: the UKIRT Fundamental and Extended lists}",
      journal = {\mnras},
     keywords = {TECHNIQUES: PHOTOMETRIC, STARS: GENERAL, INFRARED: STARS, Astrophysics},
         year = 2001,
        month = aug,
       volume = {325},
       number = {2},
        pages = {563-574},
          doi = {10.1046/j.1365-8711.2001.04460.x},
archivePrefix = {arXiv},
       eprint = {astro-ph/0102287},
 primaryClass = {astro-ph},
       adsurl = {https://ui.adsabs.harvard.edu/abs/2001MNRAS.325..563H},
      adsnote = {Provided by the SAO/NASA Astrophysics Data System}
}



@ARTICLE{hillier07,
       author = {{Hillier}, Jon K. and {Green}, S.~F. and {McBride}, N. and {Schwanethal}, J.~P. and {Postberg}, F. and {Srama}, R. and {Kempf}, S. and {Moragas-Klostermeyer}, G. and {McDonnell}, J.~A.~M. and {Gr{\"u}n}, E.},
        title = "{The composition of Saturn's E ring}",
      journal = {\mnras},
     keywords = {planets: rings, planets and satellites: individual: Enceladus},
         year = 2007,
        month = jun,
       volume = {377},
       number = {4},
        pages = {1588-1596},
          doi = {10.1111/j.1365-2966.2007.11710.x},
       adsurl = {https://ui.adsabs.harvard.edu/abs/2007MNRAS.377.1588H},
      adsnote = {Provided by the SAO/NASA Astrophysics Data System}
}

@ARTICLE{horanyi92,
       author = {{Horanyi}, Mihaly and {Burns}, Joseph A. and {Hamilton}, Douglas P.},
        title = "{The dynamics of Saturn's E ring particles}",
      journal = {\icarus},
     keywords = {Eccentric Orbits, Enceladus, Gravitational Fields, Planetary Orbits, Saturn Rings, Dynamic Models, Equations Of Motion, Lorentz Force, Optical Thickness, Orbital Elements, Solar Radiation, Lunar and Planetary Exploration},
         year = 1992,
        month = jun,
       volume = {97},
       number = {2},
        pages = {248-259},
          doi = {10.1016/0019-1035(92)90131-P},
       adsurl = {https://ui.adsabs.harvard.edu/abs/1992Icar...97..248H},
      adsnote = {Provided by the SAO/NASA Astrophysics Data System}
}

@ARTICLE{karkoschka01,
       author = {{Karkoschka}, Erich},
        title = "{Comprehensive Photometry of the Rings and 16 Satellites of Uranus with the Hubble Space Telescope}",
      journal = {\icarus},
         year = 2001,
        month = may,
       volume = {151},
       number = {1},
        pages = {51-68},
          doi = {10.1006/icar.2001.6596},
       adsurl = {https://ui.adsabs.harvard.edu/abs/2001Icar..151...51K},
      adsnote = {Provided by the SAO/NASA Astrophysics Data System}
}

@ARTICLE{karkoschka01b,
       author = {{Karkoschka}, Erich},
        title = "{Voyager's Eleventh Discovery of a Satellite of Uranus and Photometry and the First Size Measurements of Nine Satellites}",
      journal = {\icarus},
         year = 2001,
        month = may,
       volume = {151},
       number = {1},
        pages = {69-77},
          doi = {10.1006/icar.2001.6597},
       adsurl = {https://ui.adsabs.harvard.edu/abs/2001Icar..151...69K},
      adsnote = {Provided by the SAO/NASA Astrophysics Data System}
}



@ARTICLE{luger21,
    author = {{Luger}, Rodrigo and {Bedell}, Megan and {Foreman-Mackey}, Daniel and {Crossfield}, Ian J.~M. and {Zhao}, Lily L. and {Hogg}, David W.},
        title = "{Mapping stellar surfaces III: An Efficient, Scalable, and Open-Source Doppler Imaging Model}",
    journal = {arXiv e-prints},
    keywords = {Astrophysics - Solar and Stellar Astrophysics, Astrophysics - Earth and Planetary Astrophysics, Astrophysics - Instrumentation and Methods for Astrophysics},
        year = 2021,
        month = oct,
        eid = {arXiv:2110.06271},
        pages = {arXiv:2110.06271},
archivePrefix = {arXiv},
    eprint = {2110.06271},
primaryClass = {astro-ph.SR},
    adsurl = {https://ui.adsabs.harvard.edu/abs/2021arXiv211006271L},
    adsnote = {Provided by the SAO/NASA Astrophysics Data System}
}

@ARTICLE{mastrapa08,
       author = {{Mastrapa}, R.~M. and {Bernstein}, M.~P. and {Sandford}, S.~A. and {Roush}, T.~L. and {Cruikshank}, D.~P. and {Dalle Ore}, C.~M.},
        title = "{Optical constants of amorphous and crystalline H $_{2}$O-ice in the near infrared from 1.1 to 2.6 {\ensuremath{\mu}}m}",
      journal = {\icarus},
     keywords = {Earth Science},
         year = 2008,
        month = sep,
       volume = {197},
       number = {1},
        pages = {307-320},
          doi = {10.1016/j.icarus.2008.04.008},
       adsurl = {https://ui.adsabs.harvard.edu/abs/2008Icar..197..307M},
      adsnote = {Provided by the SAO/NASA Astrophysics Data System}
}



@Article{matplotlib07,
  Author    = {Hunter, J. D.},
  Title     = {Matplotlib: A 2D graphics environment},
  Journal   = {Computing in Science \& Engineering},
  Volume    = {9},
  Number    = {3},
  Pages     = {90--95},
  abstract  = {Matplotlib is a 2D graphics package used for Python for
  application development, interactive scripting, and publication-quality
  image generation across user interfaces and operating systems.},
  publisher = {IEEE COMPUTER SOC},
  doi       = {10.1109/MCSE.2007.55},
  year      = 2007
}

@ARTICLE{molter19,
       author = {{Molter}, Edward and {de Pater}, Imke and {Luszcz-Cook}, Statia and {Hueso}, Ricardo and {Tollefson}, Joshua and {Alvarez}, Carlos and {S{\'a}nchez-Lavega}, Agust{\'\i}n and {Wong}, Michael H. and {Hsu}, Andrew I. and {Sromovsky}, Lawrence A. and {Fry}, Patrick M. and {Delcroix}, Marc and {Campbell}, Randy and {de Kleer}, Katherine and {Gates}, Elinor and {Lynam}, Paul David and {Ammons}, S. Mark and {Coy}, Brandon Park and {Duchene}, Gaspard and {Gonzales}, Erica J. and {Hirsch}, Lea and {Magnier}, Eugene A. and {Ragland}, Sam and {Rich}, R. Michael and {Wang}, Feige},
        title = "{Analysis of Neptune's 2017 bright equatorial storm}",
      journal = {\icarus},
     keywords = {Astrophysics - Earth and Planetary Astrophysics},
         year = 2019,
        month = mar,
       volume = {321},
        pages = {324-345},
          doi = {10.1016/j.icarus.2018.11.018},
archivePrefix = {arXiv},
       eprint = {1811.08468},
 primaryClass = {astro-ph.EP},
       adsurl = {https://ui.adsabs.harvard.edu/abs/2019Icar..321..324M},
      adsnote = {Provided by the SAO/NASA Astrophysics Data System}
}

@ARTICLE{muller02,
       author = {{M{\"u}ller}, Thomas G.},
        title = "{Thermophysical analysis of infrared observations of asteroids}",
      journal = {Meteorit.~Planet.~Sci.},
         year = 2002,
        month = dec,
       volume = {37},
       number = {12},
        pages = {1919-1928},
          doi = {10.1111/j.1945-5100.2002.tb01173.x},
       adsurl = {https://ui.adsabs.harvard.edu/abs/2002M&PS...37.1919M},
      adsnote = {Provided by the SAO/NASA Astrophysics Data System}
}

@Article{numpy20,
 title         = {Array programming with {NumPy}},
 author        = {Charles R. Harris and K. Jarrod Millman and St{\'{e}}fan J.
                 van der Walt and Ralf Gommers and Pauli Virtanen and David
                 Cournapeau and Eric Wieser and Julian Taylor and Sebastian
                 Berg and Nathaniel J. Smith and Robert Kern and Matti Picus
                 and Stephan Hoyer and Marten H. van Kerkwijk and Matthew
                 Brett and Allan Haldane and Jaime Fern{\'{a}}ndez del
                 R{\'{i}}o and Mark Wiebe and Pearu Peterson and Pierre
                 G{\'{e}}rard-Marchant and Kevin Sheppard and Tyler Reddy and
                 Warren Weckesser and Hameer Abbasi and Christoph Gohlke and
                 Travis E. Oliphant},
 year          = {2020},
 month         = sep,
 journal       = {Nature},
 volume        = {585},
 number        = {7825},
 pages         = {357--362},
 doi           = {10.1038/s41586-020-2649-2},
 publisher     = {Springer Science and Business Media {LLC}},
 url           = {https://doi.org/10.1038/s41586-020-2649-2}
}

@ARTICLE{pang84,
       author = {{Pang}, K.~D. and {Voge}, C.~C. and {Rhoads}, J.~W. and {Ajello}, J.~M.},
        title = "{The E ring of Saturn and satellite Enceladus.}",
      journal = {\jgr},
     keywords = {Enceladus, Particles, Planetology, Saturn Rings, Backscattering, Io, Pioneer 11 Space Probe, Planetary Evolution, Spheres, Volcanology, Voyager Project, SATURN, RINGS, E RING, SATELLITES, ENCELADUS, OPTICAL PROPERTIES, ALBEDO, PARTICLES, PHYSICAL PROPERTIES, INFRARED, WAVELENGTHS, SCATTERING, COMPOSITION, ORIGIN, FORMATION, SOURCE, VOLCANISM, ERUPTIONS, HYPOTHESES, STRUCTURE, INJECTION, COMPARISONS, Lunar and Planetary Exploration; Saturn, Enceladus:Saturn Rings, Saturn Rings:Enceladus},
         year = 1984,
        month = oct,
       volume = {89},
        pages = {9459-9470},
          doi = {10.1029/JB089iB11p09459},
       adsurl = {https://ui.adsabs.harvard.edu/abs/1984JGR....89.9459P},
      adsnote = {Provided by the SAO/NASA Astrophysics Data System}
}



@ARTICLE{paradis19,
       author = {{Paradis}, Samuel and {Moeckel}, Chris and {Tollefson}, Joshua and {de Pater}, Imke},
        title = "{Photometry of the Uranian Satellites with Keck and the Search for Mab}",
      journal = {\aj},
     keywords = {methods: observational, instrumentation: adaptive optics, planets and satellites: detection, planets and satellites: surfaces, techniques: image processing, techniques: photometric, Astrophysics - Earth and Planetary Astrophysics},
         year = 2019,
        month = nov,
       volume = {158},
       number = {5},
          eid = {178},
        pages = {178},
          doi = {10.3847/1538-3881/ab4264},
archivePrefix = {arXiv},
       eprint = {1910.00180},
 primaryClass = {astro-ph.EP},
       adsurl = {https://ui.adsabs.harvard.edu/abs/2019AJ....158..178P},
      adsnote = {Provided by the SAO/NASA Astrophysics Data System}
}



@ARTICLE{paradis23,
       author = {{Paradis}, Samuel and {Moeckel}, Chris and {de Pater}, Imke},
        title = "{Near-IR photometry of the small Uranian satellites with Keck at phase angles 0-2{\textdegree}}",
      journal = {\icarus},
     keywords = {Planets and satellites: Detection, surfaces, Instrumentation: Adaptive optics, Methods: Observational, Techniques: Image processing, photometric},
         year = 2023,
        month = feb,
       volume = {391},
          eid = {115331},
        pages = {115331},
          doi = {10.1016/j.icarus.2022.115331},
       adsurl = {https://ui.adsabs.harvard.edu/abs/2023Icar..39115331P},
      adsnote = {Provided by the SAO/NASA Astrophysics Data System}
}

@software{photutils140,
author       = {Larry Bradley and
                Brigitta Sipőcz and
                Thomas Robitaille and
                Erik Tollerud and
                Zé Vinícius and
                Christoph Deil and
                Kyle Barbary and
                Tom J Wilson and
                Ivo Busko and
                Axel Donath and
                Hans Moritz Günther and
                Mihai Cara and
                P. L. Lim and
                Sebastian Meßlinger and
                Simon Conseil and
                Azalee Bostroem and
                Michael Droettboom and
                E. M. Bray and
                Lars Andersen Bratholm and
                Geert Barentsen and
                Matt Craig and
                Shivangee Rathi and
                Sergio Pascual and
                Gabriel Perren and
                Iskren Y. Georgiev and
                Miguel de Val-Borro and
                Wolfgang Kerzendorf and
                Yoonsoo P. Bach and
                Bruno Quint and
                Harrison Souchereau},
title        = {astropy/photutils: 1.4.0},
month        = mar,
year         = 2022,
publisher    = {Zenodo},
version      = {1.4.0},
doi          = {10.5281/zenodo.6385735},
url          = {https://doi.org/10.5281/zenodo.6385735
}
}

@ARTICLE{porco06,
       author = {{Porco}, C.~C. and {Helfenstein}, P. and {Thomas}, P.~C. and {Ingersoll}, A.~P. and {Wisdom}, J. and {West}, R. and {Neukum}, G. and {Denk}, T. and {Wagner}, R. and {Roatsch}, T. and {Kieffer}, S. and {Turtle}, E. and {McEwen}, A. and {Johnson}, T.~V. and {Rathbun}, J. and {Veverka}, J. and {Wilson}, D. and {Perry}, J. and {Spitale}, J. and {Brahic}, A. and {Burns}, J.~A. and {Del Genio}, A.~D. and {Dones}, L. and {Murray}, C.~D. and {Squyres}, S.},
        title = "{Cassini Observes the Active South Pole of Enceladus}",
      journal = {Science},
     keywords = {PLANET SCI},
         year = 2006,
        month = mar,
       volume = {311},
       number = {5766},
        pages = {1393-1401},
          doi = {10.1126/science.1123013},
       adsurl = {https://ui.adsabs.harvard.edu/abs/2006Sci...311.1393P},
      adsnote = {Provided by the SAO/NASA Astrophysics Data System}
}



@software{pylanetary23,
  author       = {Ned Molter},
  title        = {emolter/pylanetary: Mab paper},
  month        = feb,
  year         = 2023,
  publisher    = {Zenodo},
  version      = {0.0.1},
  doi          = {10.5281/zenodo.7608477},
  url          = {https://doi.org/10.5281/zenodo.7608477}
}

@ARTICLE{scipy20,
  author  = {Virtanen, Pauli and Gommers, Ralf and Oliphant, Travis E. and
            Haberland, Matt and Reddy, Tyler and Cournapeau, David and
            Burovski, Evgeni and Peterson, Pearu and Weckesser, Warren and
            Bright, Jonathan and {van der Walt}, St{\'e}fan J. and
            Brett, Matthew and Wilson, Joshua and Millman, K. Jarrod and
            Mayorov, Nikolay and Nelson, Andrew R. J. and Jones, Eric and
            Kern, Robert and Larson, Eric and Carey, C J and
            Polat, {\.I}lhan and Feng, Yu and Moore, Eric W. and
            {VanderPlas}, Jake and Laxalde, Denis and Perktold, Josef and
            Cimrman, Robert and Henriksen, Ian and Quintero, E. A. and
            Harris, Charles R. and Archibald, Anne M. and
            Ribeiro, Ant{\^o}nio H. and Pedregosa, Fabian and
            {van Mulbregt}, Paul and {SciPy 1.0 Contributors}},
  title   = {{{SciPy} 1.0: Fundamental Algorithms for Scientific
            Computing in Python}},
  journal = {Nature Methods},
  year    = {2020},
  volume  = {17},
  pages   = {261--272},
  adsurl  = {https://rdcu.be/b08Wh},
  doi     = {10.1038/s41592-019-0686-2},
}

@ARTICLE{seccull19,
       author = {{Seccull}, Tom and {Fraser}, Wesley C. and {Puzia}, Thomas H. and {Fitzsimmons}, Alan and {Cupani}, Guido},
        title = "{174P/Echeclus and Its Blue Coma Observed Post-outburst}",
      journal = {\aj},
     keywords = {comets: general, comets: individual:: 60558, 174P\&Echeclus, Kuiper Belt: general, Astrophysics - Earth and Planetary Astrophysics},
         year = 2019,
        month = feb,
       volume = {157},
       number = {2},
          eid = {88},
        pages = {88},
          doi = {10.3847/1538-3881/aafbe4},
archivePrefix = {arXiv},
       eprint = {1811.11220},
 primaryClass = {astro-ph.EP},
       adsurl = {https://ui.adsabs.harvard.edu/abs/2019AJ....157...88S},
      adsnote = {Provided by the SAO/NASA Astrophysics Data System}
}

@ARTICLE{service16,
       author = {{Service}, M. and {Lu}, J.~R. and {Campbell}, R. and {Sitarski}, B.~N. and {Ghez}, A.~M. and {Anderson}, J.},
        title = "{A New Distortion Solution for NIRC2 on the Keck II Telescope}",
      journal = {\pasp},
         year = 2016,
        month = sep,
       volume = {128},
       number = {967},
        pages = {095004},
          doi = {10.1088/1538-3873/128/967/095004},
       adsurl = {https://ui.adsabs.harvard.edu/abs/2016PASP..128i5004S},
      adsnote = {Provided by the SAO/NASA Astrophysics Data System}
}

@ARTICLE{sfair09,
       author = {{Sfair}, R. and {Giuliatti Winter}, S.~M.},
        title = "{Orbital evolution of the {\ensuremath{\mu}} and {\ensuremath{\nu}} dust ring particles of Uranus}",
      journal = {\aap},
     keywords = {planets: rings, planets and satellites: individual: Uranus, methods: N-body simulations},
         year = 2009,
        month = oct,
       volume = {505},
       number = {2},
        pages = {845-852},
          doi = {10.1051/0004-6361/200911886},
       adsurl = {https://ui.adsabs.harvard.edu/abs/2009A&A...505..845S},
      adsnote = {Provided by the SAO/NASA Astrophysics Data System}
}

@ARTICLE{sfair12,
       author = {{Sfair}, R. and {Giuliatti Winter}, S.~M.},
        title = "{The role of Mab as a source for the {\ensuremath{\mu}} ring of Uranus}",
      journal = {\aap},
     keywords = {planets and satellites: rings, methods: numerical, planets and satellites: individual: Uranus},
         year = 2012,
        month = jul,
       volume = {543},
          eid = {A17},
        pages = {A17},
          doi = {10.1051/0004-6361/201117346},
       adsurl = {https://ui.adsabs.harvard.edu/abs/2012A&A...543A..17S},
      adsnote = {Provided by the SAO/NASA Astrophysics Data System}
}

@software{shift_stack_moons23,
  author       = {Ned Molter},
  title        = {emolter/shift\_stack\_moons: Mab paper},
  month        = feb,
  year         = 2023,
  publisher    = {Zenodo},
  version      = {0.0.6},
  doi          = {10.5281/zenodo.7608459},
  url          = {https://doi.org/10.5281/zenodo.7608459}
}

@ARTICLE{showalter91,
       author = {{Showalter}, Mark R. and {Cuzzi}, Jeffrey N. and {Larson}, Stephen M.},
        title = "{Structure and particle properties of Saturn's E Ring}",
      journal = {\icarus},
     keywords = {Particle Size Distribution, Planetary Structure, Saturn Rings, Astronomical Photometry, Charge Coupled Devices, Satellite Imagery, Three Dimensional Models, Voyager Project, Lunar and Planetary Exploration},
         year = 1991,
        month = dec,
       volume = {94},
       number = {2},
        pages = {451-473},
          doi = {10.1016/0019-1035(91)90241-K},
       adsurl = {https://ui.adsabs.harvard.edu/abs/1991Icar...94..451S},
      adsnote = {Provided by the SAO/NASA Astrophysics Data System}
}

@ARTICLE{showalter06,
       author = {{Showalter}, Mark R. and {Lissauer}, Jack J.},
        title = "{The Second Ring-Moon System of Uranus: Discovery and Dynamics}",
      journal = {Science},
     keywords = {PLANET SCI},
         year = 2006,
        month = feb,
       volume = {311},
       number = {5763},
        pages = {973-977},
          doi = {10.1126/science.1122882},
       adsurl = {https://ui.adsabs.harvard.edu/abs/2006Sci...311..973S},
      adsnote = {Provided by the SAO/NASA Astrophysics Data System}
}

@ARTICLE{showalter19,
       author = {{Showalter}, M.~R. and {de Pater}, I. and {Lissauer}, J.~J. and {French}, R.~S.},
        title = "{The seventh inner moon of Neptune}",
      journal = {\nat},
         year = 2019,
        month = feb,
       volume = {566},
       number = {7744},
        pages = {350-353},
          doi = {10.1038/s41586-019-0909-9},
       adsurl = {https://ui.adsabs.harvard.edu/abs/2019Natur.566..350S},
      adsnote = {Provided by the SAO/NASA Astrophysics Data System}
}


@ARTICLE{showalter20,
       author = {{Showalter}, Mark R.},
        title = "{The rings and small moons of Uranus and Neptune}",
      journal = {Philosophical Transactions of the Royal Society of London Series A},
         year = 2020,
        month = dec,
       volume = {378},
       number = {2187},
          eid = {20190482},
        pages = {20190482},
          doi = {10.1098/rsta.2019.0482},
       adsurl = {https://ui.adsabs.harvard.edu/abs/2020RSPTA.37890482S},
      adsnote = {Provided by the SAO/NASA Astrophysics Data System}
}

@ARTICLE{skimage14,
       author = {{van der Walt}, Stefan and {Sch{\"o}nberger}, Johannes L. and {Nunez-Iglesias}, Juan and {Boulogne}, Fran{\c{c}}ois and {Warner}, Joshua D. and {Yager}, Neil and {Gouillart}, Emmanuelle and {Yu}, Tony and {scikit-image Contributors}},
        title = "{scikit-image: Image processing in Python}",
      journal = {PeerJ},
     keywords = {Computer Science - Mathematical Software, Computer Science - Computer Vision and Pattern Recognition},
         year = 2014,
        month = jan,
       volume = {2},
          eid = {e453},
        pages = {e453},
          doi = {10.7717/peerj.453},
archivePrefix = {arXiv},
       eprint = {1407.6245},
 primaryClass = {cs.MS},
       adsurl = {https://ui.adsabs.harvard.edu/abs/2014PeerJ...2..453V},
      adsnote = {Provided by the SAO/NASA Astrophysics Data System}
}

@ARTICLE{spahn06,
       author = {{Spahn}, Frank and {Schmidt}, J{\"u}rgen and {Albers}, Nicole and {H{\"o}rning}, Marcel and {Makuch}, Martin and {Sei{\ss}}, Martin and {Kempf}, Sascha and {Srama}, Ralf and {Dikarev}, Valeri and {Helfert}, Stefan and {Moragas-Klostermeyer}, Georg and {Krivov}, Alexander V. and {Srem{\v{c}}evi{\'c}}, Miodrag and {Tuzzolino}, Anthony J. and {Economou}, Thanasis and {Gr{\"u}n}, Eberhard},
        title = "{Cassini Dust Measurements at Enceladus and Implications for the Origin of the E Ring}",
      journal = {Science},
     keywords = {PLANET SCI},
         year = 2006,
        month = mar,
       volume = {311},
       number = {5766},
        pages = {1416-1418},
          doi = {10.1126/science.1121375},
       adsurl = {https://ui.adsabs.harvard.edu/abs/2006Sci...311.1416S},
      adsnote = {Provided by the SAO/NASA Astrophysics Data System}
}



@ARTICLE{spencer06,
       author = {{Spencer}, J.~R. and {Pearl}, J.~C. and {Segura}, M. and {Flasar}, F.~M. and {Mamoutkine}, A. and {Romani}, P. and {Buratti}, B.~J. and {Hendrix}, A.~R. and {Spilker}, L.~J. and {Lopes}, R.~M.~C.},
        title = "{Cassini Encounters Enceladus: Background and the Discovery of a South Polar Hot Spot}",
      journal = {Science},
     keywords = {PLANET SCI},
         year = 2006,
        month = mar,
       volume = {311},
       number = {5766},
        pages = {1401-1405},
          doi = {10.1126/science.1121661},
       adsurl = {https://ui.adsabs.harvard.edu/abs/2006Sci...311.1401S},
      adsnote = {Provided by the SAO/NASA Astrophysics Data System}
}

@article{stansberry08,
  title={Physical properties of Kuiper belt and Centaur objects: Constraints from the Spitzer Space Telescope},
  author={Stansberry, John and Grundy, Will and Brown, Mike and Cruikshank, Dale and Spencer, John and Trilling, David and Margot, Jean-Luc},
  journal={The Solar System Beyond Neptune},
  volume={161},
  year={2008},
  publisher={University of Arizona Press, Tucson}
}

@ARTICLE{terai16,
       author = {{Terai}, Tsuyoshi and {Itoh}, Yoichi and {Oasa}, Yumiko and {Furusho}, Reiko and {Watanabe}, Junichi},
        title = "{Photometric Measurements of H$_{2}$O Ice Crystallinity on Trans-Neptunian Objects}",
      journal = {\apj},
     keywords = {Kuiper belt: general, planets and satellites: surfaces, Astrophysics - Earth and Planetary Astrophysics},
         year = 2016,
        month = aug,
       volume = {827},
       number = {1},
          eid = {65},
        pages = {65},
          doi = {10.3847/0004-637X/827/1/65},
archivePrefix = {arXiv},
       eprint = {1606.04150},
 primaryClass = {astro-ph.EP},
       adsurl = {https://ui.adsabs.harvard.edu/abs/2016ApJ...827...65T},
      adsnote = {Provided by the SAO/NASA Astrophysics Data System}
}



@ARTICLE{thomas20,
       author = {{Thomas}, P. and {Helfenstein}, P.},
        title = "{The small inner satellites of Saturn: Shapes, structures and some implications}",
      journal = {\icarus},
     keywords = {Earth Science},
         year = 2020,
        month = jul,
       volume = {344},
          eid = {113355},
        pages = {113355},
          doi = {10.1016/j.icarus.2019.06.016},
       adsurl = {https://ui.adsabs.harvard.edu/abs/2020Icar..34413355T},
      adsnote = {Provided by the SAO/NASA Astrophysics Data System}
}



@article{vandam04,
  title={Performance of the Keck Observatory adaptive-optics system},
  author={van Dam, Marcos A and Le Mignant, David and Macintosh, Bruce A},
  journal={Applied Optics},
  volume={43},
  number={29},
  pages={5458--5467},
  year={2004},
  publisher={Optica Publishing Group}
}

@ARTICLE{vilenius18,
       author = {{Vilenius}, E. and {Stansberry}, J. and {M{\"u}ller}, T. and {Mueller}, M. and {Kiss}, C. and {Santos-Sanz}, P. and {Mommert}, M. and {P{\'a}l}, A. and {Lellouch}, E. and {Ortiz}, J.~L. and {Peixinho}, N. and {Thirouin}, A. and {Lykawka}, P.~S. and {Horner}, J. and {Duffard}, R. and {Fornasier}, S. and {Delsanti}, A.},
        title = "{``TNOs are Cool'': A survey of the trans-Neptunian region. XIV. Size/albedo characterization of the Haumea family observed with Herschel and Spitzer}",
      journal = {\aap},
     keywords = {Kuiper belt: general, infrared: planetary systems, methods: observational, techniques: photometric, Astrophysics - Earth and Planetary Astrophysics},
         year = 2018,
        month = oct,
       volume = {618},
          eid = {A136},
        pages = {A136},
          doi = {10.1051/0004-6361/201732564},
archivePrefix = {arXiv},
       eprint = {1904.06333},
 primaryClass = {astro-ph.EP},
       adsurl = {https://ui.adsabs.harvard.edu/abs/2018A&A...618A.136V},
      adsnote = {Provided by the SAO/NASA Astrophysics Data System},
}

@article{wizinowich00,
  title={First light adaptive optics images from the Keck II telescope: a new era of high angular resolution imagery},
  author={Wizinowich, P and Acton, DS and Shelton, C and Stomski, P and Gathright, J and Ho, K and Lupton, W and Tsubota, K and Lai, O and Max, C and others},
  journal={Publications of the Astronomical Society of the Pacific},
  volume={112},
  number={769},
  pages={315},
  year={2000},
  publisher={IOP Publishing}
}

@ARTICLE{wright23,
       author = {{Wright}, Gillian S. and {Rieke}, George H. and {Glasse}, Alistair and {Ressler}, Michael and {Garc{\'\i}a Mar{\'\i}n}, Macarena and {Aguilar}, Jonathan and {Alberts}, Stacey and {{\'A}lvarez-M{\'a}rquez}, Javier and {Argyriou}, Ioannis and {Banks}, Kimberly and {Baudoz}, Pierre and {Boccaletti}, Anthony and {Bouchet}, Patrice and {Bouwman}, Jeroen and {Brandl}, Bernard R. and {Breda}, David and {Bright}, Stacey and {Cale}, Steven and {Colina}, Luis and {Cossou}, Christophe and {Coulais}, Alain and {Cracraft}, Misty and {De Meester}, Wim and {Dicken}, Daniel and {Engesser}, Michael and {Etxaluze}, Mireya and {Fox}, Ori D. and {Friedman}, Scott and {Fu}, Henry and {Gasman}, Danny and {G{\'a}sp{\'a}r}, Andr{\'a}s and {Gastaud}, Ren{\'e} and {Geers}, Vincent and {Glauser}, Adrian Michael and {Gordon}, Karl D. and {Greene}, Thomas and {Greve}, Thomas R. and {Grundy}, Timothy and {G{\"u}del}, Manuel and {Guillard}, Pierre and {Haderlein}, Peter and {Hashimoto}, Ryan and {Henning}, Thomas and {Hines}, Dean and {Holler}, Bryan and {Detre}, {\"O}rs Hunor and {Jahromi}, Amir and {James}, Bryan and {Jones}, Olivia C. and {Justtanont}, Kay and {Kavanagh}, Patrick and {Kendrew}, Sarah and {Klaassen}, Pamela and {Krause}, Oliver and {Labiano}, Alvaro and {Lagage}, Pierre-Olivier and {Lambros}, Scott and {Larson}, Kirsten and {Law}, David and {Lee}, David and {Libralato}, Mattia and {Alverez}, Jose Lorenzo and {Meixner}, Margaret and {Morrison}, Jane and {Mueller}, Migo and {Murray}, Katherine and {Mycroft}, Matthew and {Myers}, Richard and {Nayak}, Omnarayani and {Naylor}, Bret and {Nickson}, Bryony and {Noriega-Crespo}, Alberto and {{\"O}stlin}, G{\"o}ran and {O'Sullivan}, Brian and {Ottens}, Richard and {Patapis}, Polychronis and {Penanen}, Konstantin and {Pietraszkiewicz}, Martin and {Ray}, Tom and {Regan}, Michael and {Roteliuk}, Anthony and {Royer}, Pierre and {Samara-Ratna}, Piyal and {Samuelson}, Bridget and {Sargent}, Beth A. and {Scheithauer}, Silvia and {Schneider}, Analyn and {Schreiber}, J{\"u}rgen and {Shaughnessy}, Bryan and {Sheehan}, Even and {Shivaei}, Irene and {Sloan}, G.~C. and {Tamas}, Laszlo and {Teague}, Kelly and {Temim}, Tea and {Tikkanen}, Tuomo and {Tustain}, Samuel and {van Dishoeck}, Ewine F. and {Vandenbussche}, Bart and {Weilert}, Mark and {Whitehouse}, Paul and {Wolff}, Schuyler},
        title = "{The Mid-infrared Instrument for JWST and Its In-flight Performance}",
      journal = {\pasp},
     keywords = {Space vehicle instruments, Astronomical instrumentation, 1548, 799},
         year = 2023,
        month = apr,
       volume = {135},
       number = {1046},
          eid = {048003},
        pages = {048003},
          doi = {10.1088/1538-3873/acbe66},
       adsurl = {https://ui.adsabs.harvard.edu/abs/2023PASP..135d8003W},
      adsnote = {Provided by the SAO/NASA Astrophysics Data System}
}

